
@article{Yanover06,
    author  = "Chen Yanover and Talya Meltzer and Yair Weiss",
    title   = "Linear Programming Relaxations and Belief Propagation -- An Empirical Study",
    year    = "2006",
    journal = "JMLR",
}
@article{JaggiICML13,
    author  = "Martin Jaggi",
    title   = "Revisiting Frank-Wolfe: Projection-Free Sparse Convex Optimization",
    year    = "2013",
    journal = "ICML",
}
@article{Domke11,
    author  = "Justin Domke",
    title   = "Dual Decomposition for Marginal Inference",
    year    = "2011",
    journal = "AAAI",
}
@article{Komodakis07,
    author  = "Nikos Komodakis and Nikos Paragios and Georgios Tziritas",
    title   = "Revisiting Frank-Wolfe: Projection-Free Sparse Convex Optimization",
    year    = "2007",
    journal = "ICCV",
}
@article{Sontag10,
    author  = "David Sontag and Amir Globerson and Tommi Jaakkola",
    title   = "Introduction to Dual Decomposition for Inference",
    year    = "2010",
    journal = "Tech. Report",
}
@article{Meshi10,
    author  = "Ofer Meshi and David Sontag and Tommi Jaakkola and Amir Globerson",
    title   = "Learning Efficiently with Approximate Inference via Dual Losses",
    year    = "2010",
    journal = "ICML",
}
